% This file was created with JabRef 2.9.2.
% Encoding: UTF-8

@MANUAL{R,
  title = {R: A Language and Environment for Statistical Computing},
  author = {{R Core Team}},
  organization = {R Foundation for Statistical Computing},
  address = {Vienna, Austria},
  year = {2016},
  url = {https://www.R-project.org},
  urldate = {2017-02-01}
}

@MISC{JFORMDESIGNER,
  title = {JFormDesigner - Java/Swing GUI Designer},
  owner = {george},
  timestamp = {2017.02.07},
  url = {https://www.formdev.com/},
  urldate = {2017-02-01}
}

@MISC{SOURCEMETER,
  title = {SourceMeter, Static source code analysis solution for Java, C/C++,
	C\#, Python and RPG},
  owner = {george},
  timestamp = {2017.02.07},
  url = {https://www.sourcemeter.com/},
  urldate = {2017-02-01}
}

